<record><leader>00000cas a2200000 a 4500</leader><controlfield tag="001">51678720</controlfield><controlfield tag="008">030219d18551855ohuwr ne      0    0eng c</controlfield><datafield ind1=" " ind2=" " tag="010"><subfield code="a">  2003221073</subfield></datafield><datafield ind1=" " ind2=" " tag="040"><subfield code="a">ATL</subfield><subfield code="b">eng</subfield><subfield code="c">ATL</subfield><subfield code="d">OCLCQ</subfield><subfield code="d">OCLCF</subfield><subfield code="d">OCLCO</subfield><subfield code="d">OCLCA</subfield></datafield><datafield ind1="1" ind2=" " tag="029"><subfield code="a">AU@</subfield><subfield code="b">000024455812</subfield></datafield><datafield ind1=" " ind2=" " tag="042"><subfield code="a">pcc</subfield></datafield><datafield ind1=" " ind2=" " tag="043"><subfield code="a">n-us-oh</subfield></datafield><datafield ind1=" " ind2="4" tag="050"><subfield code="a">BX7301</subfield></datafield><datafield ind1="0" ind2="4" tag="245"><subfield code="a">The Christian age and the sower.</subfield></datafield><datafield ind1="3" ind2="0" tag="246"><subfield code="a">Age and the sower</subfield></datafield><datafield ind1="1" ind2="7" tag="246"><subfield code="a">Christian age and sower</subfield></datafield><datafield ind1=" " ind2=" " tag="260"><subfield code="a">Cincinnati, Ohio :</subfield><subfield code="b">American Christian Publication Society</subfield></datafield><datafield ind1=" " ind2=" " tag="300"><subfield code="a">v.</subfield></datafield><datafield ind1=" " ind2=" " tag="310"><subfield code="a">Weekly</subfield></datafield><datafield ind1="1" ind2=" " tag="362"><subfield code="a">Began in Jan. 1855; ceased in Apr. 1855.</subfield></datafield><datafield ind1=" " ind2=" " tag="500"><subfield code="a">"A weekly record of the American Bible, Missionary, and Publication Societies."</subfield></datafield><datafield ind1=" " ind2=" " tag="515"><subfield code="a">Also carries the vol. numbering of the Sower, &lt;v. 1, no. 40-v. 1, no. 50&gt;.</subfield></datafield><datafield ind1=" " ind2=" " tag="530"><subfield code="a">Also issued on microfilm by American Theological Library Association.</subfield></datafield><datafield ind1=" " ind2=" " tag="580"><subfield code="a">Formed by the union of: Christian age (Cincinnati, Ohio : 1852); and: Sower.</subfield></datafield><datafield ind1=" " ind2=" " tag="588"><subfield code="a">Description based on: Vol. 11, no. 3 (Jan. 18, 1855).</subfield></datafield><datafield ind1=" " ind2=" " tag="588"><subfield code="a">Latest issue consulted: Vol. 11, no. 13 (Mar. 29, 1855).</subfield></datafield><datafield ind1="2" ind2="0" tag="610"><subfield code="a">Disciples of Christ</subfield><subfield code="v">Newspapers.</subfield></datafield><datafield ind1="2" ind2="0" tag="610"><subfield code="a">American Christian Bible Society</subfield><subfield code="v">Newspapers.</subfield></datafield><datafield ind1="2" ind2="0" tag="610"><subfield code="a">American Christian Missionary Society</subfield><subfield code="v">Newspapers.</subfield></datafield><datafield ind1="2" ind2="0" tag="610"><subfield code="a">American Christian Publication Society</subfield><subfield code="v">Newspapers.</subfield></datafield><datafield ind1=" " ind2="7" tag="655"><subfield code="a">Newspapers.</subfield><subfield code="2">fast</subfield><subfield code="0">(OCoLC)fst01423814</subfield></datafield><datafield ind1="2" ind2="7" tag="610"><subfield code="a">American Christian Bible Society.</subfield><subfield code="2">fast</subfield><subfield code="0">(OCoLC)fst00751376</subfield></datafield><datafield ind1="2" ind2="7" tag="610"><subfield code="a">American Christian Missionary Society.</subfield><subfield code="2">fast</subfield><subfield code="0">(OCoLC)fst00643838</subfield></datafield><datafield ind1="2" ind2="7" tag="610"><subfield code="a">American Christian Publication Society.</subfield><subfield code="2">fast</subfield><subfield code="0">(OCoLC)fst00751377</subfield></datafield><datafield ind1="2" ind2="7" tag="610"><subfield code="a">Disciples of Christ.</subfield><subfield code="2">fast</subfield><subfield code="0">(OCoLC)fst00549610</subfield></datafield><datafield ind1="2" ind2=" " tag="710"><subfield code="a">American Christian Publication Society.</subfield></datafield><datafield ind1=" " ind2=" " tag="752"><subfield code="a">United States</subfield><subfield code="b">Ohio</subfield><subfield code="c">Hamilton</subfield><subfield code="d">Cincinnati.</subfield></datafield><datafield ind1="1" ind2=" " tag="776"><subfield code="c">Microfilm</subfield><subfield code="d">American Theological Library Association</subfield><subfield code="w">(DLC)  2003221074</subfield><subfield code="w">(OCoLC)51679792</subfield></datafield><datafield ind1="1" ind2="4" tag="780"><subfield code="t">Christian age (Cincinnati, Ohio : 1852)</subfield><subfield code="w">(DLC)sn 88084151</subfield><subfield code="w">(OCoLC)18400231</subfield></datafield><datafield ind1="1" ind2="4" tag="780"><subfield code="t">Sower</subfield></datafield><datafield ind1="0" ind2="0" tag="785"><subfield code="t">Christian age (Cincinnati, Ohio : 1855)</subfield><subfield code="w">(DLC)  2003221075</subfield><subfield code="w">(OCoLC)51686522</subfield></datafield></record>